% Encoding: UTF-8
@article{Lawrence2006,
  author = {Lawrence, Michael and Goodwin, Paul and O'Connor, Marcus and \"{O}nkal, Dilek},
  journal = {International Journal of Forecasting},
  number = {3},
  pages = {493-518},
  title = {Judgmental forecasting: A review of progress over the last 25 years},
  volume = {22},
  year = {2006}
}

@article{Fildes2007a,
  author = {Fildes, Robert and Goodwin, Paul},
  journal = {Foresight: The International Journal of Applied Forecasting},
  number = {8},
  pages = {5-10},
  title = {Good and bad judgment in forecasting: lessons from four companies},
  year = {2007}
}

@article{Rowe2007,
  author = {Rowe, Gene},
  journal = {Foresight: The International Journal of Applied Forecasting},
  number = {8},
  pages = {11-16},
  title = {A guide to {Delphi}},
  year = {2007}
}

@article{RW99,
  author = {Rowe, Gene and Wright, George},
  journal = {International Journal of Forecasting},
  pages = {353-375},
  title = {The Delphi technique as a forecasting tool: issues and analysis},
  volume = {15},
  year = {1999}
}

@article{Buehler2005,
  author = {Buehler, Roger and Messervey, Deanna and Griffin, Dale},
  journal = {Organizational Behavior and Human Decision Processes},
  number = {1},
  pages = {47-63},
  title = {Collaborative planning and prediction: Does group discussion affect optimistic biases in time estimation?},
  volume = {97},
  year = {2005}
}

@article{Kahneman1993,
  author = {Kahneman, D. and Lovallo, D.},
  journal = {Management Science},
  number = {1},
  pages = {17-31},
  title = {Timid choices and bold forecasts: a cognitive perspective on risk taking},
  volume = {39},
  year = {1993}
}

@article{Green2007,
  author = {Green, Kesten C. and Armstrong, J Scott},
  journal = {International Journal of Forecasting},
  number = {3},
  pages = {365-376},
  title = {Structured analogies for forecasting},
  volume = {23},
  year = {2007}
}

@book{Groves2009,
  author = {Groves, Robert M. and {Fowler, Jr.}, Floyd J. and Couper, Mick P. and Lepkowski, James M. and Singer, Eleanor and Tourangeau, Roger},
  edition = {2nd ed.},
  publisher = {Wiley},
  title = {Survey Methodology},
  year = {2009}
}

@article{RW94,
  author = {Randall, Donna M and Wolff, James A},
  journal = {British Journal of Social Psychology},
  pages = {405-418},
  title = {The time interval in the intention-behaviour relationship: Meta-analysis},
  volume = {33},
  year = {1994}
}

@book{LQ01,
  author = {Ladiray, Dominique and Quenneville, Beno\^{\i}t},
  publisher = {Springer-Verlag},
  series = {Lecture notes in statistics},
  title = {Seasonal Adjustment with the {X-11} Method},
  year = {2001}
}

@article{Cleveland1990,
  author = {Cleveland, Robert B and Cleveland, William S and McRae, Jean E and Terpenning, Irma J},
  journal = {Journal of Official Statistics},
  number = {1},
  pages = {3-73},
  title = {{STL}: A seasonal-trend decomposition procedure based on loess},
  volume = {6},
  year = {1990}
}

@incollection{GM01,
  address = {New York},
  author = {G\'{o}mez, Victor and Maravall, Agust\'{\i}n},
  booktitle = {A course in time series analysis},
  chapter = {8},
  editor = {Pe\~{n}a, Daniel and Tiao, George C and Tsay, Ruey S},
  pages = {202-246},
  publisher = {John Wiley \& Sons},
  title = {Seasonal adjustment and signal extraction in economic time series},
  year = {2001}
}

@article{MW03,
  author = {Miller, Don M. and Williams, Dan},
  journal = {International Journal of Forecasting},
  number = {4},
  pages = {669-684},
  title = {Shrinkage estimators of time series seasonal factors and their effect on forecasting accuracy},
  volume = {19},
  year = {2003}
}

@article{Theodosiou2011,
  author = {Theodosiou, Marina},
  journal = {International Journal of Forecasting},
  number = {4},
  pages = {1178-1195},
  title = {Forecasting monthly and quarterly time series using {STL} decomposition},
  volume = {27},
  year = {2011}
}

@techreport{Holt57,
  author = {Holt, Charles E},
  institution = {Carnegie Institute of Technology, Pittsburgh USA.},
  number = {52},
  title = {Forecasting seasonals and trends by exponentially weighted averages},
  type = {O.N.R. Memorandum},
  year = {1957}
}

@article{Winters60,
  author = {Winters, P R},
  journal = {Management Science},
  pages = {324-342},
  title = {Forecasting sales by exponentially weighted moving averages},
  volume = {6},
  year = {1960}
}

@book{Ord2012,
  author = {Ord, J Keith and Fildes, Robert},
  isbn = {0324311273},
  publisher = {South-Western College Pub},
  title = {Principles of business forecasting},
  year = {2012}
}

@book{Armstrong01,
  editor = {Armstrong, J S},
  publisher = {Kluwer Academic Publishers},
  title = {Principles of Forecasting: a handbook for researchers and practitioners},
  year = {2001}
}

@book{Cleveland1993,
  author = {Cleveland, William S.},
  isbn = {0963488406},
  publisher = {Hobart Press},
  title = {Visualizing Data},
  year = {1993}
}

@book{MB10,
  address = {Cambridge, UK},
  author = {Maindonald, John and Braun, H},
  edition = {3rd ed},
  publisher = {Cambridge University Press},
  title = {Data analysis and graphics using {R}: an example-based approach},
  year = {2010}
}

@book{expsmooth08,
  address = {Berlin},
  author = {Hyndman, Rob J and Koehler, Anne B and Ord, J Keith and Snyder, Ralph D},
  publisher = {Springer-Verlag},
  title = {Forecasting with exponential smoothing: the state space approach},
  url = {www.exponentialsmoothing.net},
  year = {2008}
}


@article{HK06,
  author = {Hyndman, Rob J and Koehler, Anne B},
  journal = {International Journal of Forecasting},
  pages = {679-688},
  title = {Another look at measures of forecast accuracy},
  volume = {22},
  year = {2006}
}


@book{GW04,
  address = {Chichester},
  author = {Goodwin, Paul and Wright, George},
  edition = {4th ed},
  publisher = {Wiley},
  title = {Decision analysis for management judgment},
  year = {2009}
}


@book{Kahn2006,
  author = {Kahn, Kenneth B},
  publisher = {M.E. Sharp},
  title = {New Product Forecasting: An Applied Approach},
  year = {2006}
}


@article{Fildes2007,
  journal = {Interfaces},
  number = {6},
  pages = {570-576},
  title = {Against your better judgment? How organizations can improve their use of management judgment in forecasting},
  volume = {37},
  year = {2007},
  author = {Robert Fildes and Paul Goodwin}
}

@incollection{Harvey2001,
  address = {Boston, MA},
  author = {Harvey, Nigel},
  booktitle = {Principles of Forecasting: a handbook for researchers and practitioners},
  editor = {Armstrong, J Scott},
  pages = {59-80},
  publisher = {Kluwer Academic Publishers},
  title = {Improving judgment in forecasting},
  year = {2001}
}

@article{Sanders2005,
  author = {Sanders, Nada and Goodwin, Paul and \"{O}nkal, Dilek and G\"{o}n\"{u}l, Mustafa Sinan and Harvey, Nigel and Lee, Anthony and Kjolso, Lucy},
  journal = {Foresight: The International Journal of Applied Forecasting},
  number = {1},
  pages = {5-23},
  title = {When and how should statistical forecasts be judgmentally adjusted?},
  volume = {1},
  year = {2005}
}

@article{Eroglu2010,
  author = {Eroglu, Cuneyt and Croxton, Keely L.},
  journal = {International Journal of Forecasting},
  number = {1},
  pages = {116-133},
  title = {Biases in judgmental adjustments of statistical forecasts: The role of individual differences},
  volume = {26},
  year = {2010}
}

@article{Franses2013,
  author = {Franses, Philip Hans and Legerstee, Rianne},
  journal = {International Journal of Forecasting},
  number = {1},
  pages = {80-87},
  title = {Do statistical forecasting models for SKU-level data benefit from including past expert knowledge?},
  volume = {29},
  year = {2013}
}

@article{Goodwin00,
  author = {Goodwin, Paul},
  journal = {International Journal of Forecasting},
  number = {2},
  pages = {261-275},
  title = {Correct or combine? Mechanically integrating judgmental forecasts with statistical methods},
  volume = {16},
  year = {2000}
}

@article{Onkal2012,
  author = {\"{O}nkal, Dilek and Say{\i}m, Kadire Zeynep and G\"{o}n\"{u}l, Mustafa Sinan},
  journal = {Technological Forecasting and Social Change},
  title = {Scenarios as channels of forecast advice},
  year = {2012},
  volume = 80,
  pages = {772-788}
}

@article{Morwitz2007,
  author = {Morwitz, Vicki G. and Steckel, Joel H. and Gupta, Alok},
  journal = {International Journal of Forecasting},
  number = {3},
  pages = {347-364},
  title = {When do purchase intentions predict sales?},
  volume = {23},
  year = {2007}
}

@article{Gar1985,
  author = {{Gardner Jr}, Everette S},
  pages = {1-28},
  title = {Exponential smoothing: The state of the art},
  volume = {4},
  number = 1,
  year = {1985}
}


@article{Gar2006,
  author = {{Gardner Jr}, Everette S},
  journal = {Interantional Journal of Forecasting},
  pages = {637-666},
  title = {Exponential smoothing: the state of the art --- {Part II}},
  volume = {22},
  year = {2006}
}

@book{BJRL15,
  title={Time series analysis: forecasting and control},
  author={Box, George E P and Jenkins, Gwilym M and Reinsel, Gregory C and Ljung, Greta M},
  year={2015},
  edition={5th},
  publisher={John Wiley \& Sons},
  address={Hoboken, New Jersey}
}

@book{BJ70,
  title={Time series analysis: forecasting and control},
  author={Box, George E P and Jenkins, Gwilym M},
  year={1970},
  publisher={Holden-Day},
  address={San Francisco},
}


@book{BDbook16,
  address = {New York},
  author = {Brockwell, Peter J and Davis, Richard A},
  edition = {3rd ed},
  publisher = {Springer},
  address = {New York},
  title = {Introduction to Time Series and Forecasting},
  year = {2016}
}

@book{Chatfield2000,
  address = {Boca Raton},
  author = {Chatfield, Chris},
  publisher = {Chapman \& Hall/CRC},
  title = {Time-series forecasting},
  year = {2000}
}

@book{PTT01,
  address = {New York},
  editor = {Pe\~{n}a, Daniel and Tiao, George C and Tsay, Ruey S},
  isbn = {047136164X},
  publisher = {John Wiley \& Sons},
  title = {A course in time series analysis},
  year = {2001}
}

@book{Shumway2011,
  address = {New York},
  author = {Shumway, Robert H and Stoffer, David S},
  edition = {3rd ed},
  isbn = {0387989501},
  publisher = {Springer},
  title = {Time series analysis and its applications: with {R} examples},
  year = {2011}
}


@BOOK{Unwin2015,
  title     = "Graphical Data Analysis with {R}",
  author    = "Unwin, Antony",
  publisher = "Chapman and Hall/CRC",
  year      =  2015,
}

% Optional fields: volume/number, series, address, edition, month, note
@BOOK{Armstrong85,
  title     = "Long-range forecasting: from crystal ball to computer",
  author    = "Armstrong, J Scott",
  publisher = "Wiley",
  year      =  1985,
}

@article{austourism,
author = {Athanasopoulos, George and Hyndman, Rob J},
journal = {Tourism Management},
number = {1},
pages = {19--31},
title = {Modelling and forecasting Australian domestic tourism},
volume = {29},
year = {2008}
}

@BOOK{Cryer2008,
  title     = "Time Series Analysis: With Applications in {R}",
  author    = "Cryer, Jonathan D and Chan, Kung-Sik",
  publisher = "Springer",
  series    = "Springer Texts in Statistics",
  year      =  2008,
  address   = "New York"
}


@BOOK{Dagum2016,
  title     = "Seasonal Adjustment Methods and Real Time {Trend-Cycle}
               Estimation:",
  author    = "Dagum, Estela Bee and Bianconcini, Silvia",
  publisher = "Springer",
  year      =  2016,
}

@book{Brown59,
  title={Statistical forecasting for inventory control},
  author={Brown, Robert Goodell},
  year={1959},
  publisher={McGraw/Hill}
}

@article{GarMacK1985,
author = {{Gardner Jr}, Everette S and McKenzie, Ed},
journal = {Management Science},
number = {10},
pages = {1237--1246},
title = {{Forecasting Trends in Time Series}},
volume = {31},
year = {1985}
}
@article{Pegels1969,
author = {Pegels, C C},
journal = {Management Science},
pages = {311--315},
title = {Exponential smoothing: some new variations},
volume = {12},
year = {1969}
}

@article{Taylor2003,
author = {Taylor, J W},
journal = {International Journal of Forecasting},
pages = {715--725},
title = {Exponential Smoothing with a Damped Multiplicative Trend},
volume = {19},
year = {2003}
}

@ARTICLE{HK08,
  title   = "Automatic Time Series Forecasting: The forecast Package for {R}",
  author  = "Hyndman, Rob J and Khandakar, Yeasmin",
  journal = "Journal of Statistical Software",
  volume  =  27,
  number  =  1,
  pages   = "1--22",
  year    =  2008,
  url     = "https://www.jstatsoft.org/article/view/v027i03"
}

@book{ShumwayStoffer,
  title={Time series analysis and its applications: with R examples},
  author={Shumway, Robert H and Stoffer, David S},
  year={2017},
  publisher={Springer},
  edition={4th}
}

@book{Harris03,
  title={Applied time series modelling and forecasting},
  author={Harris, Richard and Sollis, Robert},
  year={2003},
  publisher={John Wiley \& Sons},
  address={Chichester, UK}
}

@book{Pankratz91,
address = {New York},
author = {Pankratz, Alan E},
publisher = {John Wiley \& Sons},
title = {Forecasting with dynamic regression models},
year = {1991}
}


@ARTICLE{DHS11,
  title    = "Forecasting time series with complex seasonal patterns using
              exponential smoothing",
  author   = "De Livera, Alysha M and Hyndman, Rob J and Snyder, Ralph D",
  journal  = "Journal of the American Statistical Association",
  volume   =  106,
  number   =  496,
  pages    = "1513--1527",
  year     =  2011,
}

@article{BHK15,
  Title                    = {A note on the validity of cross-validation for evaluating autoregressive time series prediction},
  Author                   = {Christoph Bergmeir and Rob J Hyndman and Bonsoo Koo},
  Year                     = {2018},
  volume = 120,
  pages = {70-83},
  journal = {Computational Statistics \& Data Analysis},
  Url                      = {robjhyndman.com/publications/cv-time-series/}
}

@Article{baggedETS,
  Title                    = {Bagging exponential smoothing methods using {STL}
decomposition and {Box-Cox} transformation},
  Author                   = {Bergmeir, Christoph and Hyndman, Rob J and Ben{\i}tez, Jos\'{e} M},
  Year                     = {2016},
  Number                   = {2},
  Pages                    = {303--312},
  Volume                   = {32},

  Journal                  = {International Journal of Forecasting}
}

@book{ISLR,
 author = {James, Gareth and Witten, Daniela and Hastie, Trevor and Tibshirani, Robert},
 title = {An Introduction to Statistical Learning: With Applications in R},
 year = {2014},
 publisher = {Springer},
 address="New York"
}


@techreport{Mint,
 title = {Forecasting hierarchical and grouped time series through trace minimization},
 author = {Shanika L Wickramasuriya and George Athanasopoulos and Rob J Hyndman},
 year = 2015,
 institution = {Monash University Econometrics \& Business Statistics},
 type = {Working paper},
 number = {15/15}
}

@Article{AthEtAl2009,
  author  = {Athanasopoulos, George and Ahmed, Roman A and Hyndman, Rob J},
  title   = {Hierarchical forecasts for Australian domestic tourism},
  journal = {International Journal of Forecasting},
  year    = {2009},
  volume  = {25},
  pages   = {146--166},
  month   = {1},
  doi     = {10.1016/j.ijforecast.2008.07.004},
}

@Article{HynEtAl2011,
  author    = {Hyndman, Rob J and Ahmed, Roman A and Athanasopoulos, George and Shang, Han Lin},
  title     = {Optimal combination forecasts for hierarchical time series},
  journal   = {Computational Statistics and Data Analysis},
  year      = {2011},
  volume    = {55},
  pages     = {2579--2589},
  month     = {9},
  doi       = {10.1016/j.csda.2011.03.006},
  publisher = {Citeseer},
}

@Article{GroSoh1990,
  author  = {Gross, C W and Sohl, J E},
  title   = {{Disaggregation methods to expedite product line forecasting}},
  journal = {Journal of Forecasting},
  year    = {1990},
  volume  = {9},
  pages   = {233--254},
}

@Article{HynAth2014,
  author        = {Hyndman, R J and Athanasopoulos, George},
  title         = {Optimally Reconciling Forecasts in a Hierarchy},
  journal       = {Foresight: International Journal of Applied Forecasting},
  year          = {2014},
  number        = {35},
  pages         = {42--48},
  archiveprefix = {arXiv},
  arxivid       = {0014},
  eprint        = {0014},
}

@book{Lut2005,
  address = {Berlin},
  author = {Lütkepohl, H},
  publisher = {Springer-Verlag},
  title = {New introduction to multiple time series analysis},
  year = {2005}
}

@Article{AthEtAl2017,
  author   = {Athanasopoulos, George and Hyndman, Rob J and Kourentzes, Nikolaos and Petropoulos, Fotios},
  title    = {Forecasting with temporal hierarchies},
  journal  = {European Journal of Operational Research},
  year     = {2017},
  volume   = {262},
  number   = {1},
  pages    = {60--74},
}

@article{AthEtAl2012,
  author = {Athanasopoulos, G and Poskitt, D S and Vahid, F},
  journal = {Econometric Reviews},
  number = {1},
  pages = {60--83},
  title = {Two canonical {VARMA} forms: scalar component models vis-\`{a}-vis the echelon form},
  volume = {31},
  year = {2012}
}

@book{Ham1994,
  author = {Hamilton, J D},
  publisher = {Princeton University Press, Princeton},
  title = {Time Series Analysis},
  year = {1994}
}

@article{Lut2007,
  author = {Lütkepohl, H},
  journal = {Journal of Econometrics},
  pages = {234-319},
  title = {General-to-specific or specific-to-general modelling? An opinion on current econometric terminology},
  volume = {136},
  year = {2007}
}

@article{BatesGranger1969,
author = {Bates, J M and Granger, C W J},
doi = {10.1057/jors.1969.103},
journal = {Operational Research Quarterly},
number = {4},
pages = {451-468},
publisher = {Operational Research Society},
title = {The Combination of Forecasts},
volume = {20},
year = {1969}
}

@article{Clemen89,
author = {Clemen, R},
journal = {International Journal of Forecasting},
pages = {559-608},
title = {Combining forecasts: a review and annotated bibliography with discussion},
volume = {5},
year = {1989}
}

@article{Croston72,
author = {Croston, John D},
journal = {Operational Research Quarterly},
number = {3},
pages = {289--303},
title = {Forecasting and Stock Control for Intermittent Demands},
volume = {23},
year = {1972}
}

@Article{SH05,
  Title                    = {Stochastic models underlying Croston's method for intermittent demand forecasting},
  Author                   = {Shenstone, Lydia and Hyndman, Rob J},
  Year                     = {2005},
  Number                   = {6},
  Pages                    = {389--402},
  Url                      = {dx.doi.org/10.1002/for.963},
  Volume                   = {24},
  Journal                  = {Journal of Forecasting},
}

@article{christou2015count,
  title={On count time series prediction},
  author={Christou, Vasiliki and Fokianos, Konstantinos},
  journal={Journal of Statistical Computation and Simulation},
  volume={85},
  number={2},
  pages={357--373},
  year={2015},
}

